<?xml version="1.0" encoding="UTF-8"?><collection xmlns="http://www.loc.gov/MARC21/slim"><record><leader>00398nam--2200133-i-4500</leader><controlfield tag="001">000006934</controlfield><controlfield tag="002">20161230</controlfield><controlfield tag="005">20170212003849</controlfield><controlfield tag="008">060222s1000------------r-----000-0-eng-d</controlfield><datafield ind1=" " ind2=" " tag="100"><subfield code="a">Braun, Gerhard</subfield></datafield><datafield ind1=" " ind2=" " tag="245"><subfield code="a">Uber rheniumpentacarbonylhydrid und organocyrb onyle von rhenium und kobalt</subfield><subfield code="b">dissertation</subfield></datafield><datafield ind1=" " ind2=" " tag="260"><subfield code="a">Munchen</subfield><subfield code="b">Technische Hochschule</subfield><subfield code="c">1960</subfield></datafield><datafield ind1=" " ind2=" " tag="300"><subfield code="a">41 p</subfield></datafield><datafield ind1=" " ind2=" " tag="CAT"><subfield code="a">SYS</subfield><subfield code="c">20170212</subfield><subfield code="h">003849</subfield></datafield></record></collection>